@book{nmap,
 author = {Lyon, Gordon Fyodor},
 title = {Nmap Network Scanning: The Official Nmap Project Guide to Network Discovery and Security Scanning},
 year = {2009},
 isbn = {0979958717, 9780979958717},
 publisher = {Insecure},
 address = {USA},
} 

@article{pen-test,
  title={Penetration testing--a systematic approach},
  author={Saindane, MS},
  journal={Infosec Writers, dostupno na Internet adresi: http://www. infosecwriters. com/text\_resources/pdf/PenTest\_MSaindane. pdf.(09.07. 2008)},
  year={2006}
}

@techreport{ftprfc,
   author = "J. Postel and J. Reynolds",
   title = "{File Transfer Protocol (FTP)}",
   howpublished = {Internet Requests for Comments},
   type="{RFC}",
   number=959,
   pages = {1-69},
   year = {1985},
   month = {October},
   publisher = "{Network Working Group}",
   institution = "{Internet Engineering Task Force}",
   url={https://www.ietf.org/rfc/rfc959.txt}
}

@article{ftpsec,
  title={FTP security considerations},
  author={Allman, Mark and Ostermann, Shawn},
  year={1999}
}
