@misc{ public_enagement,
    title={cobhman drive to buckle  street transport improvements:  public engagement_2012},
    url={http://www.nzta.govt.nz/assets/projects/basin-reserve/docs/community-engagement-report.pdf},
    journal={nzta.govt.nz},
    year={2012}
}

@misc{ epa_report,
    title={Final Report and Decision},
    url={http://www.epa.govt.nz/Resource-management/previous/Basin_Bridge/Final_Report_and_Decision/Pages/default.aspx},
    journal={epa.govt.nz},
    year={2017}
}

@misc{ mt_vic_tunnel_2017,
    title={Mt Victoria Tunnel Duplication | NZ Transport },
    url={https://www.nzta.govt.nz/projects/wellington-northern-corridor/mt-victoria-tunnel-duplication/},
    journal={nzta.govt.nz},
    year={2017}
}

@misc { basin_options_report,
    title={},
    url={https://www.nzta.govt.nz/assets/projects/basin-reserve/docs/basin-reserve-options-report.pdf},
    journal={nzta.govt.nz},
    year={2011}
}


@misc { basin_options_summary,
    title={Summary of option selection process for improvements around the Basin Reserve},
    url={http://www.nzta.govt.nz/assets/projects/tunnel-to-tunnel/docs/option-selection-report.pdf},
    journal={nzta.govt.nz},
    year={2012}
}

@misc{ northern_corridor,
    title={Wellington Northern Corridor  | NZ Transport Agency},
    url={https://www.nzta.govt.nz/projects/wellington-northern-corridor},
    journal={nzta.govt.nz},
    year={2017}
}

@misc { treasury_exp_2016,
    title={Major Projects Performance Information Release - July 2016},
    url={http://www.treasury.govt.nz/statesector/investmentmanagement/publications/majorprojects/pdfs/mppr-jul16.pdf},
    journal={treasury.govt.nz},
    year={2016},
    pages={53}
}

@misc{ unsw_case_study,
    title={Writing the Case Study | UNSW current Students},
    url={https://student.unsw.edu.au/writing-case-study},
    journal={Student.unsw.edu.au}
}

@article{rnz_flyover_cost,
    title={Flyover plan cost Taxpayers 11m},
    url={http://www.radionz.co.nz/news/national/255255/flyover-plan-cost-taxpayers-%2411m},
    year={2017}
}

@misc{presidential1986report,
    title={Report of the presidential commission on the space shuttle challenger accident},
    author={Presidential Commission On Space Shuttle Challenger and Rogers, WP},
    year={1986}
}

