
/* ==== META ===*/
@article{Hoare-grand,
    author = {Hoare, Tony},
    title = {The Verifying Compiler: A Grand Challenge for Computing Research},
    journal = {J. ACM},
    issue_date = {January 2003},
    volume = {50},
    number = {1},
    month = jan,
    year = {2003},
    issn = {0004-5411},
    pages = {63--69},
    numpages = {7},
    url = {http://doi.acm.org/10.1145/602382.602403},
    doi = {10.1145/602382.602403},
    acmid = {602403},
    publisher = {ACM},
    address = {New York, NY, USA},
} 


/* ==== WHILEY ==== */

@inproceedings{whiley-origin,
    title={Whiley: a platform for research in software verification},
    author={Pearce, David J and Groves, Lindsay},
    booktitle={International Conference on Software Language Engineering},
    pages={238--248},
    year={2013},
    organization={Springer}
}


@article{whiley-design,
    title = "Designing a verifying compiler: Lessons learned from developing Whiley ",
    journal = "Science of Computer Programming ",
    volume = "113, Part 2",
    number = "",
    pages = "191 - 220",
    year = "2015",
    note = "Formal Techniques for Safety-Critical Systems ",
    issn = "0167-6423",
    doi = "http://dx.doi.org/10.1016/j.scico.2015.09.006",
    url = "http://www.sciencedirect.com/science/article/pii/S016764231500266X",
    author = "David J. Pearce and Lindsay Groves",
    keywords = "Program verification",
    keywords = "Loop invariants",
    keywords = "Hoare logic",
    keywords = "Verification tools "
}

@inproceedings{whiley-arrays,
    title={Array programming in Whiley},
    author={Pearce, David J},
    booktitle={Proceedings of the 4th ACM SIGPLAN International Workshop on Libraries, Languages, and Compilers for Array Programming},
    pages={17--24},
    year={2017},
    organization={ACM}
}

/* ==== OTHER LANGUAGES ==== */

@article{dafny-started,
    title={Getting started with Dafny: A guide},
    author={Nipkow, T and others},
    journal={Software Safety and Security: Tools for Analysis and Verification},
    volume={33},
    pages={152},
    year={2012},
    publisher={IOS Press}
}

@inproceedings{dafny-lang,
    title={Dafny: An automatic program verifier for functional correctness},
    author={Leino, K Rustan M},
    booktitle={International Conference on Logic for Programming Artificial Intelligence and Reasoning},
    pages={348--370},
    year={2010},
    organization={Springer}
}

/* ==== AUTOMATIC INVARIANTS ==== */

@article{benderfinding,
    title={Finding Loop Invariants by Static Program Analysis},
    author={Bender, Markus},
    url = {https://userpages.uni-koblenz.de/~mbender/store/pv.pdf},
    organization = {University of Koblenz Â· Landau}
}

@inproceedings{Leino2005LoopIO,
    title={Loop Invariants on Demand},
    author={K. Rustan M. Leino and Francesco Logozzo},
    booktitle={APLAS},
    url = {https://link.springer.com/content/pdf/10.1007%2F11575467_9.pdf},
    year={2005}
}

/* === INVARIANTS === */

@article{infer-postconditions,
    author    = {Carlo A. Furia and
        Bertrand Meyer},
    title     = {Inferring Loop Invariants using Postconditions},
    journal   = {CoRR},
    volume    = {abs/0909.0884},
    year      = {2009},
    url       = {http://arxiv.org/abs/0909.0884},
    timestamp = {Mon, 05 Dec 2011 18:04:56 +0100},
    biburl    = {http://dblp.uni-trier.de/rec/bib/journals/corr/abs-0909-0884},
    bibsource = {dblp computer science bibliography, http://dblp.org}
}

@article{infer-dynamic,
    author    = {Juan P. Galeotti and Carlo A. Furia and Eva May and Gordon Fraser and Andreas Zeller},
    title     = {Automating Full Functional Verification of Programs with Loops},
    journal   = {CoRR},
    volume    = {abs/1407.5286},
    year      = {2014},
    url       = {http://arxiv.org/abs/1407.5286},
    timestamp = {Fri, 01 Aug 2014 13:50:01 +0200},
    biburl    = {http://dblp.uni-trier.de/rec/bib/journals/corr/GaleottiFMFZ14},
    bibsource = {dblp computer science bibliography, http://dblp.org}
}

@article{invarints-classifiction,
    author    = {Carlo A. Furia and Bertrand Meyer and Sergey Velder},
    title     = {A survey of loop invariants},
    journal   = {CoRR},
    volume    = {abs/1211.4470},
    year      = {2012},
    url       = {http://arxiv.org/abs/1211.4470},
    timestamp = {Sat, 01 Dec 2012 20:32:37 +0100},
    biburl    = {http://dblp.uni-trier.de/rec/bib/journals/corr/abs-1211-4470},
    bibsource = {dblp computer science bibliography, http://dblp.org}
}

