@article{lehman:1980,
  title={Programs, life cycles, and laws of software evolution},
  author={Lehman, Meir M},
  journal={Proceedings of the IEEE},
  volume={68},
  number={9},
  pages={1060--1076},
  year={1980},
  publisher={IEEE}
}

@article{raymond:1999:cathedral,
  title={The cathedral and the bazaar},
  author={Raymond, Eric},
  journal={Knowledge, Technology \& Policy},
  volume={12},
  number={3},
  pages={23--49},
  year={1999},
  publisher={Springer}
}

@misc{raymond:1999:magic,
  title={The magic cauldron},
  author={Raymond, Eric S and others},
  year={1999},
  publisher={Citeseer}
}

@book{Pigoski:1996,
 author = {Pigoski, Thomas M.},
 title = {Practical Software Maintenance: Best Practices for Managing Your Software Investment},
 year = {1996},
 isbn = {0471170011, 9780471170013},
 edition = {1st},
 publisher = {Wiley Publishing},
} 

% Spiral Model
@article{boehm:1988:spiral,
 author = {Boehm, Barry W.},
 title = {A Spiral Model of Software Development and Enhancement},
 journal = {Computer},
 issue_date = {May 1988},
 volume = {21},
 number = {5},
 month = may,
 year = {1988},
 issn = {0018-9162},
 pages = {61--72},
 numpages = {12},
 doi = {10.1109/2.59},
 acmid = {45801},
 publisher = {IEEE Computer Society Press},
 address = {Los Alamitos, CA, USA},
} 

% Phased Development / IID
@article{larman:2003:iid,
  title={Iterative and incremental development: A brief history},
  author={Larman, Craig and Basili, Victor R},
  journal={Computer},
  number={6},
  pages={47--56},
  year={2003},
  publisher={IEEE}
}
