@article{Gladden:1982,
    author = {Gladden, G. R.},
    title = {Stop the Life-cycle, I Want to Get off},
    journal = {SIGSOFT Softw. Eng. Notes},
    issue_date = {April 1982},
    volume = {7},
    number = {2},
    month = apr,
    year = {1982},
    issn = {0163-5948},
    pages = {35--39},
    numpages = {5},
    doi = {10.1145/1005937.1005945},
    acmid = {1005945},
    publisher = {ACM},
    address = {New York, NY, USA},
}

@article{McCracken:1982,
    author = {McCracken, Daniel D. and Jackson, Michael A.},
    title = {Life Cycle Concept Considered Harmful},
    journal = {SIGSOFT Softw. Eng. Notes},
    issue_date = {April 1982},
    volume = {7},
    number = {2},
    month = apr,
    year = {1982},
    issn = {0163-5948},
    pages = {29--32},
    numpages = {4},
    doi = {10.1145/1005937.1005943},
    acmid = {1005943},
    publisher = {ACM},
    address = {New York, NY, USA},
}

@inproceedings{Fuggetta:2014,
    author = {Fuggetta, Alfonso and Di Nitto, Elisabetta},
    title = {Software Process},
    booktitle = {Proceedings of the on Future of Software Engineering},
    series = {FOSE 2014},
    year = {2014},
    isbn = {978-1-4503-2865-4},
    location = {Hyderabad, India},
    pages = {1--12},
    numpages = {12},
    doi = {10.1145/2593882.2593883},
    acmid = {2593883},
    publisher = {ACM},
    address = {New York, NY, USA},
    keywords = {Agile Software De- velopment, Empirical Studies, Social Fac- tors in Software Development, Software Development, Software Development Environments, Software Process},
}


@article{AnalysisOf:2012,
    journal = {International Journal of Engineering Research and
        Applications (IJERA)},
    volume = {2},
    number = {3},
    issn = {2248-9622},
    pages = {2015--2021},
    author = {Ashwini Mujumdar, Gayatri Masiwal, P. M. Chawan},
    title = {Analysis of various Software Process Models},
    year = {2012}
}


% Need process models
@inproceedings{nato:1969,
  title={The 1968/69 NATO Software Engineering Reports},
  author={Naur, P and Randell, B},
  year={1969},
  organization={NATO}
}

% Waterfall
@article{Waterfall:1970,
    title = {Managing the Development of Large Software Systems},
    author = {Winston W. Royce},
    year = {1970},
    journal = {Technical Papers of Western Electronic Show and Convention (WesCon)},
    address = {Los Angeles, USA.}
}

% V-Model
@article{Rook:1986,
 author = {Rook, Paul},
 title = {Controlling Software Projects},
 journal = {Softw. Eng. J.},
 issue_date = {Jan. 1986},
 volume = {1},
 number = {1},
 month = jan,
 year = {1986},
 issn = {0268-6961},
 pages = {7--16},
 numpages = {10},
 doi = {10.1049/sej.1986.0003},
 acmid = {6469},
 publisher = {Michael Faraday House},
 address = {Herts, UK, UK},
} 

@article{Advancements:2010,
  title={Advancements in the V-Model},
  author={Mathur, Sonali and Malik, Shaily},
  journal={International Journal of Computer Applications},
  volume={1},
  number={12},
  year={2010},
  publisher={Citeseer}
}

% Spiral Model
@article{Boehm:1988,
 author = {Boehm, Barry W.},
 title = {A Spiral Model of Software Development and Enhancement},
 journal = {Computer},
 issue_date = {May 1988},
 volume = {21},
 number = {5},
 month = may,
 year = {1988},
 issn = {0018-9162},
 pages = {61--72},
 numpages = {12},
 doi = {10.1109/2.59},
 acmid = {45801},
 publisher = {IEEE Computer Society Press},
 address = {Los Alamitos, CA, USA},
} 
