@article{lehman:1980,
  title={Programs, life cycles, and laws of software evolution},
  author={Lehman, Meir M},
  journal={Proceedings of the IEEE},
  volume={68},
  number={9},
  pages={1060--1076},
  year={1980},
  publisher={IEEE}
}

@article{raymond:1999,
  title={The cathedral and the bazaar},
  author={Raymond, Eric},
  journal={Knowledge, Technology \& Policy},
  volume={12},
  number={3},
  pages={23--49},
  year={1999},
  publisher={Springer}
}

@book{Pigoski:1996,
 author = {Pigoski, Thomas M.},
 title = {Practical Software Maintenance: Best Practices for Managing Your Software Investment},
 year = {1996},
 isbn = {0471170011, 9780471170013},
 edition = {1st},
 publisher = {Wiley Publishing},
} 
