@article{whats_new,
    author = {Pavlo, Andrew and Aslett, Matthew},
    title = {What's Really New with NewSQL?},
    journal = {SIGMOD Rec.},
    issue_date = {June 2016},
    volume = {45},
    number = {2},
    month = sep,
    year = {2016},
    issn = {0163-5808},
    pages = {45--55},
    numpages = {11},
    url = {http://doi.acm.org/10.1145/3003665.3003674},
    doi = {10.1145/3003665.3003674},
    acmid = {3003674},
    publisher = {ACM},
    address = {New York, NY, USA},
}

@inproceedings{sql_nosql_gap,
    author = {Liu, Zhen Hua and Hammerschmidt, Beda and McMahon, Doug and Liu, Ying and Chang, Hui Joe},
    title = {Closing the Functional and Performance Gap Between SQL and NoSQL},
    booktitle = {Proceedings of the 2016 International Conference on Management of Data},
    series = {SIGMOD '16},
    year = {2016},
    isbn = {978-1-4503-3531-7},
    location = {San Francisco, California, USA},
    pages = {227--238},
    numpages = {12},
    url = {http://doi.acm.org/10.1145/2882903.2903731},
    doi = {10.1145/2882903.2903731},
    acmid = {2903731},
    publisher = {ACM},
    address = {New York, NY, USA},
    keywords = {JSON, SQL/JSON, SQL/XML, XML, flexible schema, noSQL, schema-less},
}

@article{scalable_sql,
    author = {Cattell, Rick},
    title = {Scalable SQL and NoSQL Data Stores},
    journal = {SIGMOD Rec.},
    issue_date = {December 2010},
    volume = {39},
    number = {4},
    month = may,
    year = {2011},
    issn = {0163-5808},
    pages = {12--27},
    numpages = {16},
    url = {http://doi.acm.org/10.1145/1978915.1978919},
    doi = {10.1145/1978915.1978919},
    acmid = {1978919},
    publisher = {ACM},
    address = {New York, NY, USA},
}

@inproceedings{nosql_survey,
    title={Survey on NoSQL database},
    author={Han, Jing and Haihong, E and Le, Guan and Du, Jian},
    booktitle={Pervasive computing and applications (ICPCA), 2011 6th international conference on},
    pages={363--366},
    year={2011},
    organization={IEEE}
}

@article{scalable,
    author = {Cattell, Rick},
    title = {Scalable SQL and NoSQL Data Stores},
    journal = {SIGMOD Rec.},
    issue_date = {December 2010},
    volume = {39},
    number = {4},
    month = may,
    year = {2011},
    issn = {0163-5808},
    pages = {12--27},
    numpages = {16},
    url = {http://doi.acm.org/10.1145/1978915.1978919},
    doi = {10.1145/1978915.1978919},
    acmid = {1978919},
    publisher = {ACM},
    address = {New York, NY, USA},
} 

@article{making_sense,
    title={Making sense of NoSQL},
    author={McCreary, Dan and Kelly, Ann},
    journal={Shelter Island: Manning},
    pages={19--20},
    year={2014}
}

