@misc{nailinterview2012,
    title={How to Nail the Interview -- When You're the Interviewer},
    url={https://www.forbes.com/sites/dailymuse/2012/02/07/how-to-nail-the-interview-when-youre-the-interviewer/#621b24a16acd},
    journal={Forbes},
    publisher={Feb 7, 2012 @ 12:15 PM},
    author={The Muse},
    year={2012},
    month={February}
} 

@misc {project6outline,
    title = {Project 6 - ADRI Online repository of Arabic digital content },
    url = {https://ecs.victoria.ac.nz/Courses/ENGR301_2017T1/Project6},
    author = {Ali Mazraeh and James Quilty},
    year = {2017},
    month = {January}
}

@misc {engr301interview,
    title = {Project Application and Interview Workshop},
    url = {https://ecs.victoria.ac.nz/foswiki/pub/Courses/ENGR301_2017T1/LectureSchedule/ENGR%20301%20Lecture%203%202017-03-08.pdf},
    author = {James Quilty},
    year = {2017},
    month = {March}
}

@misc { careersnzcv,
    title = {CVs - getting started},
    url = { https://www.careers.govt.nz/job-hunting/cvs-and-cover-letters/getting-started/ },
    author = {Careers New Zealand},
    year = {2017},
    month = {March}
}

@misc { careersnzinterview,
    title = {Preparing for an interview},
    url = { https://www.careers.govt.nz/job-hunting/interviews/preparing-for-an-interview/ },
    author = {Careers New Zealand},
    year = {2017},
    month = {January}
}

@misc { careersnztips,
    title = {Tips for answering interview questions},
    url = { https://www.careers.govt.nz/job-hunting/interviews/tips-for-answering-interview-questions/ },
    author = {Careers New Zealand},
    year = {2016},
    month = {September}
}

@misc { careersnzdescribe,
    title = {Describing skills in your CV},
    url = {https://www.careers.govt.nz/job-hunting/cvs-and-cover-letters/describing-skills-in-your-cv/},
    author = {Careers New Zealand},
    year = {2017},
    month = {March}
}
