@misc{nailinterview2012,
    title={How to Nail the Interview -- When You're the Interviewer},
    url={https://www.forbes.com/sites/dailymuse/2012/02/07/how-to-nail-the-interview-when-youre-the-interviewer/#621b24a16acd},
    journal={Forbes},
    publisher={Feb 7, 2012 @ 12:15 PM},
    author={The Muse},
    year={2012},
    month={Feb}
} 

@misc {project6outline,
    title = {Project 6 - ADRI Online repository of Arabic digital content },
    url = {https://ecs.victoria.ac.nz/Courses/ENGR301_2017T1/Project6},
    author = {Ali Mazraeh and James Quilty},
    year = {2017},
    month = {Jan}
}
