/* === INVARIANTS === */

@article{infer-postconditions,
    author    = {Carlo A. Furia and
        Bertrand Meyer},
    title     = {Inferring Loop Invariants using Postconditions},
    journal   = {CoRR},
    volume    = {abs/0909.0884},
    year      = {2009},
    url       = {http://arxiv.org/abs/0909.0884},
    timestamp = {Mon, 05 Dec 2011 18:04:56 +0100},
    biburl    = {http://dblp.uni-trier.de/rec/bib/journals/corr/abs-0909-0884},
    bibsource = {dblp computer science bibliography, http://dblp.org}
}

@article{infer-dynamic,
    author    = {Juan P. Galeotti and
        Carlo A. Furia and
            Eva May and
            Gordon Fraser and
            Andreas Zeller},
    title     = {Automating Full Functional Verification of Programs with Loops},
    journal   = {CoRR},
    volume    = {abs/1407.5286},
    year      = {2014},
    url       = {http://arxiv.org/abs/1407.5286},
    timestamp = {Fri, 01 Aug 2014 13:50:01 +0200},
    biburl    = {http://dblp.uni-trier.de/rec/bib/journals/corr/GaleottiFMFZ14},
    bibsource = {dblp computer science bibliography, http://dblp.org}
}

@article{invarints-classifiction,
    author    = {Carlo A. Furia and
        Bertrand Meyer and
            Sergey Velder},
    title     = {A survey of loop invariants},
    journal   = {CoRR},
    volume    = {abs/1211.4470},
    year      = {2012},
    url       = {http://arxiv.org/abs/1211.4470},
    timestamp = {Sat, 01 Dec 2012 20:32:37 +0100},
    biburl    = {http://dblp.uni-trier.de/rec/bib/journals/corr/abs-1211-4470},
    bibsource = {dblp computer science bibliography, http://dblp.org}
}

/* ==== WHILEY ==== */

@inproceedings{whiley-origin,
    title={Whiley: a platform for research in software verification},
    author={Pearce, David J and Groves, Lindsay},
    booktitle={International Conference on Software Language Engineering},
    pages={238--248},
    year={2013},
    organization={Springer}
}


@article{whiley-design,
    title = "Designing a verifying compiler: Lessons learned from developing Whiley ",
    journal = "Science of Computer Programming ",
    volume = "113, Part 2",
    number = "",
    pages = "191 - 220",
    year = "2015",
    note = "Formal Techniques for Safety-Critical Systems ",
    issn = "0167-6423",
    doi = "http://dx.doi.org/10.1016/j.scico.2015.09.006",
    url = "http://www.sciencedirect.com/science/article/pii/S016764231500266X",
    author = "David J. Pearce and Lindsay Groves",
    keywords = "Program verification",
    keywords = "Loop invariants",
    keywords = "Hoare logic",
    keywords = "Verification tools "
}

@inproceedings{whiley-arrays,
    title={Array programming in Whiley},
    author={Pearce, David J},
    booktitle={Proceedings of the 4th ACM SIGPLAN International Workshop on Libraries, Languages, and Compilers for Array Programming},
    pages={17--24},
    year={2017},
    organization={ACM}
}

/* ==== OTHER LANGUAGES ==== */

@article{dafny-started,
    title={Getting started with Dafny: A guide},
    author={Nipkow, T and others},
    journal={Software Safety and Security: Tools for Analysis and Verification},
    volume={33},
    pages={152},
    year={2012},
    publisher={IOS Press}
}


/* ==== AUTOMATIC INVARIANTS ==== */

@article{benderfinding,
    title={Finding Loop Invariants by Static Program Analysis},
    author={Bender, Markus},
    url = {https://userpages.uni-koblenz.de/~mbender/store/pv.pdf}
}

